@Book{helios,
author = {Helios},
title = {Historisches Wechselspannungs-Voltmeter der Firma Helios in KÃ¶ln Ehrenfeld},
publisher = {wikimedia},
year = {2013.},
url = {https://commons.wikimedia.org/wiki/File:Helios_Voltmeter.jpg},
note = {09.07.2013, 21.00}
}